

@Article{Sato,
 author = {Atsushi Sato},
 title = {On the reduction of certain isogenies of elliptic curves via the formulas by Vélu},
 year = {2003},
}

@Book{Handbook,
 title = {Handbook of Elliptic and Hyperelliptic Curve Cryptography},
 publisher = {Chapman and Hall/CRC},
 year = {2005},
}

@Book{padic,
 title = {A Course in $p$-adic Analysis},
 publisher = {Springer},
 year = {2000},
 ALTALTauthor = {Alain M. Robert},
}


@InCollection{Satoh,
 author = {Takakazu Satoh},
 title = {On $p$-adic Point Counting Algorithms for Elliptic Curves over Finite Fields},
 booktitle = {Lecture Notes in Computer Science},
 publisher = {Springer},
 year = {2002},
 volume = {2369/2002},
}

@Book{Serge,
 title = {Elliptic Curves: Diophantine Analysis},
 publisher = {Springer},
 year = {1979},
 author = {Serge Lang},
}

@Book{Lawrence,
 title = {Elliptic Curves: Number Theory and Cryptography},
 publisher = {Chapman and Hall/CRC},
 year = {2008},
 author = {Lawrence C. Washington},
}

@Book{AEC,
 title = {The Arithmetic of Elliptic Curves},
 publisher = {Springer},
 year = {1992},
 author = {Joseph H. Silverman},
}

@Article{Deuring,
 author = {M. Deuring},
 title = {Die Typen der Multiplikatorenringe elliptischer Funktionenkörper},
 journal = {Abh. Math. Sem. der Univ. Hamburg.},
 year = {1941},
 volume = {14},
 number = {1},
}

